<?xml version="1.0" encoding="UTF-8"?><collection xmlns="http://www.loc.gov/MARC21/slim"><record><leader>00641nam--2200193-i-4500</leader><controlfield tag="001">000013452</controlfield><controlfield tag="002">20161230</controlfield><controlfield tag="005">20161230201030</controlfield><controlfield tag="008">060222s1000------------r-----000-0-eng-d</controlfield><datafield ind1=" " ind2=" " tag="040"><subfield code="a">IFIN-HH</subfield></datafield><datafield ind1=" " ind2=" " tag="080"><subfield code="a">52(061.3)</subfield></datafield><datafield ind1="1" ind2=" " tag="100"><subfield code="a">Arons, Jon</subfield></datafield><datafield ind1="1" ind2="0" tag="245"><subfield code="a">Particle acceleration mechanisms in astrophysics. (la jolla institute - 1979) aip conference proceedings, number 56</subfield><subfield code="c">Jon arons, christopher mckee, claire max (eds.)</subfield></datafield><datafield ind1=" " ind2=" " tag="260"><subfield code="a">New York</subfield><subfield code="b">American Institute Of Physics</subfield><subfield code="c">1979</subfield></datafield><datafield ind1=" " ind2=" " tag="300"><subfield code="a">VIII + 433 P</subfield></datafield><datafield ind1=" " ind2=" " tag="490"><subfield code="a">Aip Conference Proceedings, 56</subfield></datafield><datafield ind1="1" ind2=" " tag="700"><subfield code="a">Max, Claire</subfield><subfield code="e">Ed</subfield></datafield><datafield ind1=" " ind2=" " tag="852"><subfield code="a">37027</subfield><subfield code="c">53</subfield></datafield><datafield ind1=" " ind2=" " tag="CAT"><subfield code="a">Sys</subfield><subfield code="c">20150316</subfield><subfield code="h">082508</subfield></datafield></record></collection>